% \begin{thebibliography}{2}

@ARTICLE{NTP,
author={D. L. Mills},
journal={IEEE Transactions on Communications},
title={Internet time synchronization: the network time protocol},
year={1991},
volume={39},
number={10},
pages={1482-1493},
keywords={computer networks;protocols;synchronisation;Internet;distributed subnet;hierarchical configuration;large diverse networks;local routing algorithms;national time standards;network time protocol;symmetric architecture;time daemons;time servers;time synchronization;Clocks;IP networks;Internet;Maintenance;Milling machines;Network servers;Protocols;Synchronization;Web server;Wire},
doi={10.1109/26.103043},
ISSN={0090-6778},
month={Oct},}

@ARTICLE{berkeley,
author={R. Gusella and S. Zatti},
journal={IEEE Transactions on Software Engineering},
title={The accuracy of the clock synchronization achieved by TEMPO in Berkeley UNIX 4.3BSD},
year={1989},
volume={15},
number={7},
pages={847-853},
keywords={Unix;fault tolerant computing;local area networks;synchronisation;Berkeley UNIX 4.3BSD;TEMPO;VAX computers;clock synchronization;distributed service;local area network;lower bounds;network transmission latency;upper bounds;Clocks;Computer networks;Computer science;Costs;Delay;Local area networks;Master-slave;Nominations and elections;Synchronization;Time measurement},
doi={10.1109/32.29484},
ISSN={0098-5589},
month={Jul},}

@inproceedings{ahrens2014image,
  title={An image-based approach to extreme scale in situ visualization and analysis},
  author={Ahrens, James and Jourdain, S{\'e}bastien and O'Leary, Patrick and Patchett, John and Rogers, David H and Petersen, Mark},
  booktitle={Proceedings of the International Conference for High Performance Computing, Networking, Storage and Analysis},
  pages={424--434},
  year={2014},
  organization={IEEE Press}
}

@article{bombardment,
  title={Algorithmic bombardment for the iterative solution of linear systems: a poly-iterative approach},
  author={Barrett, Richard and Berry, Michael and Dongarra, Jack and Eijkhout, Victor and Romine, Charles},
  journal={Journal of Computational and applied Mathematics},
  volume={74},
  number={1},
  pages={91--109},
  year={1996},
  publisher={Elsevier}
}

@article{linpack,
  title={LINPACK User’s guide: Society for Industrial and Applied Mathematics},
  author={Dongarra, JJ and Moler, CB and Bunch, JR and Stewart, GW},
  journal={Philadelphia, Pennsylvania},
  year={1979}
}

@article{superlu,
  title={Superlu numerical software library},
  author={Li, X Sherry and Demmel, J and Gilbert, J and Grigori, L and Shao, M and Yamazaki, I},
  journal={URL http://crd-legacy.lbl.gov/xiaoye/SuperLU}
}

@article{ML,
  title={Application of machine learning to the selection of sparse linear solvers},
  author={Bhowmick, Sanjukta and Eijkhout, Victor and Freund, Yoav and Fuentes, Erika and Keyes, David},
  journal={Int. J. High Perf. Comput. Appl},
  year={2006}
}

@article{siam,
  title={Performance-based numerical solver selection in the Lighthouse framework},
  author={Jessup, Elizabeth and Motter, Pate and Norris, Boyana and Sood, Kanika},
  journal={SIAM Journal on Scientific Computing},
  volume={38},
  number={5},
  pages={S750--S771},
  year={2016},
  publisher={SIAM}
}

@book{golub,
  title={Matrix computations},
  author={Golub, Gene H and Van Loan, Charles F},
  volume={3},
  year={2012},
  publisher={JHU press}
}

@book{heath,
  title={Scientific computing: an introductory survey},
  author={Heath, Michael T},
  volume={80},
  year={2018},
  publisher={SIAM}
}

@inproceedings{hpcc,
  title={Comparative Performance Modeling of Parallel Preconditioned Krylov Methods},
  author={Sood, Kanika and Norris, Boyana and Jessup, Elizabeth},
  booktitle={2017 IEEE 19th International Conference on High Performance Computing and Communications; IEEE 15th International Conference on Smart City; IEEE 3rd International Conference on Data Science and Systems (HPCC/SmartCity/DSS)},
  pages={26--33},
  year={2017},
  organization={IEEE}
}

@inproceedings{petscapp1,
  title={Registration of 3D intraoperative MR images of the brain using a finite element biomechanical model},
  author={Ferrant, Matthieu and Warfield, Simon K and Nabavi, Arya and Jolesz, Ferenc A and Kikinis, Ron},
  booktitle={International Conference on Medical Image Computing and Computer-Assisted Intervention},
  pages={19--28},
  year={2000},
  organization={Springer}
}

@article{petscapp2,
  title={Computational modeling and real-time control of patient-specific laser treatment of cancer},
  author={Fuentes, D and Oden, JT and Diller, KR and Hazle, JD and Elliott, A and Shetty, A and Stafford, RJ},
  journal={Annals of biomedical engineering},
  volume={37},
  number={4},
  pages={763--782},
  year={2009},
  publisher={Springer}
}

@inproceedings{petscapp3,
  title={Development of software for studying earthquakes across multiple spatial and temporal scales by coupling quasi-static and dynamic simulations},
  author={Williams, Charles A and Aagaard, Brad and Knepley, Matthew G},
  booktitle={AGU Fall Meeting Abstracts},
  year={2005}
}

@article{petscapp4,
  title={The dynamics of melt and shear localization in partially molten aggregates},
  author={Katz, Richard F and Spiegelman, Marc and Holtzman, Benjamin},
  journal={Nature},
  volume={442},
  number={7103},
  pages={676},
  year={2006},
  publisher={Nature Publishing Group}
}

@inproceedings{ml1,
  title={Efficient and robust automated machine learning},
  author={Feurer, Matthias and Klein, Aaron and Eggensperger, Katharina and Springenberg, Jost and Blum, Manuel and Hutter, Frank},
  booktitle={Advances in neural information processing systems},
  pages={2962--2970},
  year={2015}
}

@inproceedings{ml2,
  title={Database schema matching using machine learning with feature selection},
  author={Berlin, Jacob and Motro, Amihai},
  booktitle={International Conference on Advanced Information Systems Engineering},
  pages={452--466},
  year={2002},
  organization={Springer}
}

@article{ml3,
  title={Evaluating machine learning algorithms for automated network application identification},
  author={Williams, Nigel and Zander, Sebastian},
  year={2006},
  publisher={Swinburne University of Technology. Centre for Advanced Internet Architectures}
}

@article{ml4,
  title={Evaluating machine learning algorithms for automated network application identification},
  author={Williams, Nigel and Zander, Sebastian},
  year={2006},
  publisher={Swinburne University of Technology. Centre for Advanced Internet Architectures}
}

@article{weka,
  title={The WEKA data mining software: an update},
  author={Hall, Mark and Frank, Eibe and Holmes, Geoffrey and Pfahringer, Bernhard and Reutemann, Peter and Witten, Ian H},
  journal={ACM SIGKDD explorations newsletter},
  volume={11},
  number={1},
  pages={10--18},
  year={2009},
  publisher={ACM}
}




@article{qr,
  title={Least squares computations by Givens transformations without square roots},
  author={Gentleman, W Morven},
  journal={IMA Journal of Applied Mathematics},
  volume={12},
  number={3},
  pages={329--336},
  year={1973},
  publisher={IMA}
}

@article{lighthouse,
  title={Lighthouse: A user-centered web service for linear algebra software},
  author={Norris, Boyana and Bernstein, Sa-Lin and Nair, Ramya and Jessup, Elizabeth},
  journal={arXiv preprint arXiv:1408.1363},
  year={2014}
}

@inproceedings{seps,
  title={Lighthouse: A taxonomy-based solver selection tool},
  author={Sood, Kanika and Norris, Boyana and Jessup, Elizabeth},
  booktitle={Proceedings of the 2nd International Workshop on Software Engineering for Parallel Systems},
  pages={66--70},
  year={2015},
  organization={ACM}
}

@article{sor,
  title={Successive overrelaxation (SOR) and related methods},
  author={Hadjidimos, A},
  journal={Journal of Computational and Applied Mathematics},
  volume={123},
  number={1-2},
  pages={177--199},
  year={2000},
  publisher={Elsevier}
}

@techreport{petsc,
  title={PETSc users manual},
  author={Balay, Satish and Buschelman, Kris and Eijkhout, Victor and Gropp, William D and Kaushik, Dinesh and Knepley, Matthew G and McInnes, Lois Curfman and Smith, Barry F and Zhang, Hong},
  year={2004},
  institution={Technical Report ANL-95/11-Revision 2.1. 5, Argonne National Laboratory}
}

@article{moose,
  title={MOOSE: A parallel computational framework for coupled systems of nonlinear equations},
  author={Gaston, Derek and Newman, Chris and Hansen, Glen and Lebrun-Grandie, Damien},
  journal={Nuclear Engineering and Design},
  volume={239},
  number={10},
  pages={1768--1778},
  year={2009},
  publisher={Elsevier}
}

@article{UFlorida,
  title={The University of Florida sparse matrix collection},
  author={Davis, Timothy A and Hu, Yifan},
  journal={ACM Transactions on Mathematical Software (TOMS)},
  volume={38},
  number={1},
  pages={1},
  year={2011},
  publisher={ACM}
}

@book{iterative,
  title={Iterative methods for sparse linear systems},
  author={Saad, Yousef},
  year={2003},
  publisher={Siam}
}

@article{iterative1,
  title={Iterative algorithms for large sparse linear systems on parallel computers},
  author={Adams, Loyce M},
  year={1982}
}

@book{iterative2,
  title={Iterative solution methods},
  author={Axelsson, Owe},
  year={1996},
  publisher={Cambridge university press}
}

@inproceedings{adaptive1,
  title={Adaptive sparse linear solvers for implicit CFD using Newton-Krylov algorithms},
  author={McInnes, L and Norris, B and Bhowmick, S and Raghavan, P},
  booktitle={Proceedings of the Second MIT Conference on Computational Fluid and Solid Mechanics},
  volume={2},
  pages={1024--1028},
  year={2003}
}


@article{adaptive2,
  title={Self-adapting linear algebra algorithms and software},
  author={Demmel, Jim and Dongarra, Jack and Eijkhout, Victor and Fuentes, Erika and Petitet, Antoine and Vuduc, Rich and Whaley, R Clint and Yelick, Katherine},
  journal={Proceedings of the IEEE},
  volume={93},
  number={2},
  pages={293--312},
  year={2005},
  publisher={IEEE}
}

@inproceedings{adaptive3,
  title={Self-adapting numerical software and automatic tuning of heuristics},
  author={Dongarra, Jack and Eijkhout, Victor},
  booktitle={International Conference on Computational Science},
  pages={759--767},
  year={2003},
  organization={Springer}
}

@inproceedings{adaptive4,
  title={Parallel adaptive solvers in compressible PETSc-FUN3D simulations},
  author={Bhowmick, Sanjukta and Kaushik, D and McInnes, L and Norris, B and Raghavan, P},
  booktitle={Proceedings of the 17th International Conference on Parallel CFD},
  year={2005},
  organization={Elsevier}
}

@inproceedings{adaptive5,
  title={A self-adapting system for linear solver selection},
  author={Eijkhout, Victor and Fuentes, Erika and Ramakrishnan, Naren and Kang, Pilsung and Bhowmick, Sanjukta and Keyes, David and Freund, Yoav},
  booktitle={Proc. 1st int’l workshop on automatic performance tuning (iWAPT2006)},
  pages={44--53},
  year={2006}
}


@inproceedings{iterative3,
  title={A survey of iterative methods for sparse linear systems},
  author={Varah, J},
  booktitle={Proceedings of the fifteenth Manitoba conference on numerical mathematics and computing (Winnipeg, Man., 1985)},
  pages={83--92},
  year={1986}
}

@article{iterative4,
  title={A survey of preconditioned iterative methods for linear systems of algebraic equations},
  author={Axelsson, Owe},
  journal={BIT Numerical Mathematics},
  volume={25},
  number={1},
  pages={165--187},
  year={1985},
  publisher={Springer}
}

@article{iterative5,
  title={Iterative solution of linear systems},
  author={Freund, Roland W and Golub, Gene H and Nachtigal, No{\"e}l M},
  journal={Acta numerica},
  volume={1},
  pages={57--100},
  year={1992},
  publisher={Cambridge Univ Press}
}

@article{composite5,
  title={A survey of parallel distributed genetic algorithms},
  author={Alba, Enrique and Troya, Jos{\'e} M},
  journal={Complexity},
  volume={4},
  number={4},
  pages={31--52},
  year={1999}
}

@incollection{earliest1,
author = {J.R. Rice},
title = {On the Construction of Poly-Algorithms for Automatic Numerical Analysis},
booktitle = {Interactive Systems for Experimental Applied Mathematics.
   M. Klerer and J.Reinfelds},
pages = {301--313},
publisher = {Academic Press},
year = {1968},
keywords = {poly-algorithm}
}

@inproceedings{earliest2,
author = {Rice, John R.},
title = {A polyalgorithm for the automatic solution of nonlinear equations},
year = {1969},
pages = {179--183},
doi = {http://doi.acm.org/10.1145/800195.805930},
publisher = {ACM},
address = {New York, NY, USA},
}


@book{multimethod1,
  title={Multimethod solvers: algorithms, applications and software},
  author={Bhowmick, Sanjukta},
  year={2005},
  publisher={Pennsylvania State University}
}

@article{multimethod2,
  title={PRIMME: preconditioned iterative multimethod eigensolver—methods and software description},
  author={Stathopoulos, Andreas and McCombs, James R},
  journal={ACM Transactions on Mathematical Software (TOMS)},
  volume={37},
  number={2},
  pages={21},
  year={2010},
  publisher={ACM}
}

@article{single1,
  title={An algebraic multilevel iteration method for finite element matrices},
  author={Axelsson, O and Larin, M},
  journal={Journal of computational and applied mathematics},
  volume={89},
  number={1},
  pages={135--153},
  year={1998},
  publisher={Elsevier}
}


@article{grigori2015sparse,
  title={Sparse linear solvers},
  author={Grigori, Laura},
  year={2015}
}

@inproceedings{poly1,
  title={A polyalgorithm for the automatic solution of nonlinear equations},
  author={Rice, John R},
  booktitle={Proceedings of the 1969 24th national conference},
  pages={179--183},
  year={1969},
  organization={ACM}
}

@article{poly2,
  title={Towards polyalgorithmic linear system solvers for nonlinear elliptic problems},
  author={Ern, Alexandre and Giovangigli, Vincent and Keyes, David E and Smooke, Mitchell D},
  journal={SIAM Journal on Scientific Computing},
  volume={15},
  number={3},
  pages={681--703},
  year={1994},
  publisher={SIAM}
}

@inproceedings{dynamic,
  title={Multi-stage learning of linear algebra algorithms},
  author={Eijkhout, Victor and Fuentes, Erika},
  booktitle={Machine Learning and Applications, 2008. ICMLA'08. Seventh International Conference on},
  pages={402--407},
  year={2008},
  organization={IEEE}
}

@article{arms,
  title={ARMS: An algebraic recursive multilevel solver for general sparse linear systems},
  author={Saad, Yousef and Suchomel, Brian},
  journal={Numerical linear algebra with applications},
  volume={9},
  number={5},
  pages={359--378},
  year={2002},
  publisher={Wiley Online Library}
}


@book{misc1,
  title={Survey of numerical analysis},
  author={Todd, John},
  year={1962},
  publisher={McGraw-Hill}
}

@article{misc2,
  title={Mixing LU and QR factorization algorithms to design high-performance dense linear algebra solvers},
  author={Faverge, Mathieu and Herrmann, Julien and Langou, Julien and Lowery, Bradley and Robert, Yves and Dongarra, Jack},
  journal={Journal of Parallel and Distributed Computing},
  volume={85},
  pages={32--46},
  year={2015},
  publisher={Elsevier}
}

@article{misc3,
  title={Preconditioning techniques for large linear systems: a survey},
  author={Benzi, Michele},
  journal={Journal of computational Physics},
  volume={182},
  number={2},
  pages={418--477},
  year={2002},
  publisher={Elsevier}
}


@book{misc4,
  title={Numerical linear algebra},
  author={Trefethen, Lloyd N and Bau III, David},
  volume={50},
  year={1997},
  publisher={Siam}
}

@misc{anamod,
  title={Anamod online documentation},
  author={Eijkhout, V and Fuentes, E},
  year={2007}
}

@techreport{lsa,
  title={The linear system analyzer},
  author={Bramley, Randall and Gannon, Dennis and Stuckey, Thomas and Villacis, Juan and Akman, Esra and Balasubramanian, Jayashree and Breg, Fabian and Diwan, Shridhar and Govindaraju, Madhusudhan},
  year={1998},
  institution={Technical Report TR511, Indiana University}
}

@article{salsa,
  title={Self-adapting numerical software for next generation applications},
  author={Dongarra, Jack and Eijkhout, Victor},
  journal={International Journal of High Performance Computing Applications},
  volume={17},
  number={2},
  pages={125--131},
  year={2003},
  publisher={Sage Publications}
}

@article{lsqr2,
  title={LSQR: An algorithm for sparse linear equations and sparse least squares},
  author={Paige, Christopher C and Saunders, Michael A},
  journal={ACM transactions on mathematical software},
  volume={8},
  number={1},
  pages={43--71},
  year={1982}
}

@article{lsqr1,
  title={Algorithm 583: LSQR: Sparse linear equations and least squares problems},
  author={Paige, Christopher C and Saunders, Michael A},
  journal={ACM Transactions on Mathematical Software (TOMS)},
  volume={8},
  number={2},
  pages={195--209},
  year={1982},
  publisher={ACM}
}

@book{cg1,
  title={Methods of conjugate gradients for solving linear systems},
  author={Hestenes, Magnus Rudolph and Stiefel, Eduard},
  volume={49},
  year={1952},
  publisher={NBS}
}

@article{pipefcg,
  title={Pipelined, flexible krylov subspace methods},
  author={Sanan, Patrick and Schnepp, Sascha M and May, Dave A},
  journal={SIAM Journal on Scientific Computing},
  volume={38},
  number={5},
  pages={C441--C470},
  year={2016},
  publisher={SIAM}
}

@article{gmres1,
  title={GMRES: A generalized minimal residual algorithm for solving nonsymmetric linear systems},
  author={Saad, Youcef and Schultz, Martin H},
  journal={SIAM Journal on scientific and statistical computing},
  volume={7},
  number={3},
  pages={856--869},
  year={1986},
  publisher={SIAM}
}

@article{bicgstab,
  title={Bi-CGSTAB: A fast and smoothly converging variant of Bi-CG for the solution of nonsymmetric linear systems},
  author={Van der Vorst, Henk A},
  journal={SIAM Journal on scientific and Statistical Computing},
  volume={13},
  number={2},
  pages={631--644},
  year={1992},
  publisher={SIAM}
}

@article{chebyshev,
  title={Chebyshev semi-iterative methods, successive overrelaxation iterative methods, and second order Richardson iterative methods},
  author={Golub, Gene H and Varga, Richard S},
  journal={Numerische Mathematik},
  volume={3},
  number={1},
  pages={157--168},
  year={1961},
  publisher={Springer}
}

@article{richardson,
  title={IX. The approximate arithmetical solution by finite differences of physical problems involving differential equations, with an application to the stresses in a masonry dam},
  author={Richardson, Lewis Fry},
  journal={Philosophical Transactions of the Royal Society of London. Series A, Containing Papers of a Mathematical or Physical Character},
  volume={210},
  number={459-470},
  pages={307--357},
  year={1911},
  publisher={The Royal Society London}
}

@article{pipefgmres,
  title={Pipelined, flexible krylov subspace methods},
  author={Sanan, Patrick and Schnepp, Sascha M and May, Dave A},
  journal={SIAM Journal on Scientific Computing},
  volume={38},
  number={5},
  pages={C441--C470},
  year={2016},
  publisher={SIAM}
}


@article{fgmres1,
  title={A flexible inner-outer preconditioned GMRES algorithm},
  author={Saad, Youcef},
  journal={SIAM Journal on Scientific Computing},
  volume={14},
  number={2},
  pages={461--469},
  year={1993},
  publisher={SIAM}
}

@article{fgmres2,
  title={FGMRES for linear discrete ill-posed problems},
  author={Morikuni, Keiichi and Reichel, Lothar and Hayami, Ken},
  journal={Applied Numerical Mathematics},
  volume={75},
  pages={175--187},
  year={2014},
  publisher={Elsevier}
}

@article{bicg1,
  title={Biconjugate Gradient Method},
  author={Weisstein, Eric W},
  year={2003},
  publisher={Wolfram Research, Inc.}
}

@article{qmr,
  title={QMR: a quasi-minimal residual method for non-Hermitian linear systems},
  author={Freund, Roland W and Nachtigal, No{\"e}l M},
  journal={Numerische mathematik},
  volume={60},
  number={1},
  pages={315--339},
  year={1991},
  publisher={Springer}
}

@article{tfqmr,
  title={A transpose-free quasi-minimal residual algorithm for non-Hermitian linear systems},
  author={Freund, Roland W},
  journal={SIAM journal on scientific computing},
  volume={14},
  number={2},
  pages={470--482},
  year={1993},
  publisher={SIAM}
}

@article{lgmres,
  title={A technique for accelerating the convergence of restarted GMRES},
  author={Baker, Allison H and Jessup, Elizabeth R and Manteuffel, Thomas},
  journal={SIAM Journal on Matrix Analysis and Applications},
  volume={26},
  number={4},
  pages={962--984},
  year={2005},
  publisher={SIAM}
}


@article{cg2,
  title={The conjugate gradient method in extremal problems},
  author={Polyak, Boris Teodorovich},
  journal={USSR Computational Mathematics and Mathematical Physics},
  volume={9},
  number={4},
  pages={94--112},
  year={1969},
  publisher={Elsevier}
}

@article{cg3,
  title={The block conjugate gradient algorithm and related methods},
  author={O'Leary, Dianne P},
  journal={Linear algebra and its applications},
  volume={29},
  pages={293--322},
  year={1980},
  publisher={Elsevier}
}

@article{gcr,
  title={Variational iterative methods for nonsymmetric systems of linear equations},
  author={Eisenstat, Stanley C and Elman, Howard C and Schultz, Martin H},
  journal={SIAM Journal on Numerical Analysis},
  volume={20},
  number={2},
  pages={345--357},
  year={1983},
  publisher={SIAM}
}

@inproceedings{hypre,
  title={hypre: A library of high performance preconditioners},
  author={Falgout, Robert D and Yang, Ulrike Meier},
  booktitle={International Conference on Computational Science},
  pages={632--641},
  year={2002},
  organization={Springer}
}

@article{gmres2,
  title={Global FOM and GMRES algorithms for matrix equations},
  author={Jbilou, K and Messaoudi, A and Sadok, H},
  journal={Applied Numerical Mathematics},
  volume={31},
  number={1},
  pages={49--63},
  year={1999},
  publisher={Elsevier}
}

@inproceedings{lgmres2,
  title={Toward memory-efficient linear solvers},
  author={Baker, Allison and Dennis, John and Jessup, Elizabeth R},
  booktitle={International Conference on High Performance Computing for Computational Science},
  pages={315--328},
  year={2002},
  organization={Springer}
}

@inproceedings{bcgs,
  title={The stabilized biconjugate gradient fast Fourier transform method for electromagnetic scattering},
  author={Xu, Xuemin and Liu, Qing Huo and Zhang, Zhong Wing},
  booktitle={IEEE Antennas and Propagation Society International Symposium (IEEE Cat. No. 02CH37313)},
  volume={2},
  pages={614--617},
  year={2002},
  organization={IEEE}
}

@inproceedings{ibcgs,
  title={Modeling subsurface reactive flows using leadership-class computing},
  author={Mills, Richard Tran and Hammond, Glenn E and Lichtner, Peter C and Sripathi, Vamsi and Mahinthakumar, G Kumar and Smith, Barry F},
  booktitle={Journal of Physics: Conference Series},
  volume={180},
  pages={012062},
  year={2009},
  organization={IOP Publishing}
}

@article{cgs,
  title={CGS, a fast Lanczos-type solver for nonsymmetric linear systems},
  author={Sonneveld, Peter},
  journal={SIAM journal on scientific and statistical computing},
  volume={10},
  number={1},
  pages={36--52},
  year={1989},
  publisher={SIAM}
}

@article{FeatureSelection,
  title={A comparative study of feature selection and multiclass classification methods for tissue classification based on gene expression},
  author={Li, Tao and Zhang, Chengliang and Ogihara, Mitsunori},
  journal={Bioinformatics},
  volume={20},
  number={15},
  pages={2429--2437},
  year={2004},
  publisher={Oxford University Press}
}

@article{C5.0,
  title={C5. 0 classification algorithm and application on individual credit evaluation of banks},
  author={Pang, Su-lin and Gong, Ji-zhang},
  journal={Systems Engineering-Theory \& Practice},
  volume={29},
  number={12},
  pages={94--104},
  year={2009},
  publisher={Elsevier}
}

@article{scikit,
  title={Scikit-learn: Machine learning in Python},
  author={Pedregosa, Fabian and Varoquaux, Ga{\"e}l and Gramfort, Alexandre and Michel, Vincent and Thirion, Bertrand and Grisel, Olivier and Blondel, Mathieu and Prettenhofer, Peter and Weiss, Ron and Dubourg, Vincent and others},
  journal={Journal of machine learning research},
  volume={12},
  number={Oct},
  pages={2825--2830},
  year={2011}
}

@article{overview,
  title={Overview of iterative linear system solver packages},
  author={Eijkhout, Victor and others},
  journal={NHSE review},
  volume={3},
  number={1},
  year={1998}
}

@book{direct1,
  title={Direct methods for sparse matrices},
  author={Duff, Iain S and Erisman, Albert Maurice and Reid, John Ker},
  year={1986},
  publisher={Clarendon press Oxford}
}

@book{direct2,
  title={Direct methods for sparse linear systems},
  author={Davis, Timothy A},
  volume={2},
  year={2006},
  publisher={Siam}
}

@article{BayesNet,
 author = {Bielza, Concha and Larra\~{n}aga, Pedro},
 title = {Discrete {B}ayesian {N}etwork Classifiers: A Survey},
 journal = {ACM Comput. Surv.},
 issue_date = {July 2014},
 volume = {47},
 number = {1},
 month = jul,
 year = {2014},
 issn = {0360-0300},
 pages = {5:1--5:43},
 articleno = {5},
 numpages = {43},
 url = {http://doi.acm.org/10.1145/2576868},
 doi = {10.1145/2576868},
 acmid = {2576868},
 publisher = {ACM},
 address = {New York, NY, USA},
 keywords = {Bayesian multinets, Bayesian network, Markov blanket, Supervised classification, feature subset selection, generative and discriminative classifiers, naive Bayes},
}


@book{J48,
    address = {San Mateo, CA},
    author = {Ross Quinlan},
    publisher = {Morgan Kaufmann Publishers},
    title = {C4.5: Programs for Machine Learning},
    year = {1993}
 }

@article{RF,
 author = {Breiman, Leo},
 title = {Random Forests},
 journal = {Machine Learning},
 issue_date = {October 1 2001},
 volume = {45},
 number = {1},
 month = oct,
 year = {2001},
 issn = {0885-6125},
 pages = {5--32},
 numpages = {28},
 url = {http://dx.doi.org/10.1023/A:1010933404324},
 doi = {10.1023/A:1010933404324},
 acmid = {570182},
 publisher = {Kluwer Academic Publishers},
 address = {Hingham, MA, USA},
 keywords = {classification, ensemble, regression},
}

@inproceedings{DecisionStump,
  title={Induction of one-level decision trees},
  author={Iba, Wayne and Langley, Pat},
  booktitle={Proceedings of the ninth international conference on machine learning},
  pages={233--240},
  year={1992}
}

@inproceedings{LADtree,
    author = {Geoffrey Holmes and Bernhard Pfahringer and Richard Kirkby and Eibe Frank and Mark Hall},
    booktitle = {ECML},
    pages = {161-172},
    publisher = {Springer},
    title = {Multiclass alternating decision trees},
    year = {2001}
 }

@article{performance,
  title={Performance models for the Spike banded linear system solver},
  author={Manguoglu, Murat and Saied, Faisal and Sameh, Ahmed and Grama, Ananth},
  journal={Scientific Programming},
  volume={19},
  number={1},
  pages={13--25},
  year={2011},
  publisher={IOS Press}
}

@inproceedings{combinedsampling,
  title={Combined regression and ranking},
  author={Sculley, David},
  booktitle={Proceedings of the 16th ACM SIGKDD international conference on Knowledge discovery and data mining},
  pages={979--988},
  year={2010},
  organization={ACM}
}

@article{K2,
  title={A Bayesian method for the induction of probabilistic networks from data},
  author={Cooper, Gregory F and Herskovits, Edward},
  journal={Machine learning},
  volume={9},
  number={4},
  pages={309--347},
  year={1992},
  publisher={Springer}
}

@article{tau,
  title={The TAU parallel performance system},
  author={Shende, Sameer S and Malony, Allen D},
  journal={The International Journal of High Performance Computing Applications},
  volume={20},
  number={2},
  pages={287--311},
  year={2006},
  publisher={Sage Publications Sage CA: Thousand Oaks, CA}
}

@article{communication_costs,
  title={Optimization of collective communication operations in MPICH},
  author={Thakur, Rajeev and Rabenseifner, Rolf and Gropp, William},
  journal={The International Journal of High Performance Computing Applications},
  volume={19},
  number={1},
  pages={49--66},
  year={2005},
  publisher={Sage Publications Sage CA: Thousand Oaks, CA}
}

@article{bjacobi,
  title={Block-Jacobi implicit algorithms for the time spectral method},
  author={Sicot, Fr{\'e}d{\'e}ric and Puigt, Guillaume and Montagnac, Marc},
  journal={AIAA journal},
  volume={46},
  number={12},
  pages={3080--3089},
  year={2008}
}

@article{asm,
  title={Non-linear additive Schwarz preconditioners and application in computational fluid dynamics},
  author={Cai, Xiao-Chuan and Keyes, David E and Marcinkowski, Leszek},
  journal={International journal for numerical methods in fluids},
  volume={40},
  number={12},
  pages={1463--1470},
  year={2002},
  publisher={Wiley Online Library}
}

@misc{cg,
  title={An introduction to the conjugate gradient method without the agonizing pain},
  author={Shewchuk, Jonathan Richard and others},
  year={1994},
  publisher={Carnegie-Mellon University. Department of Computer Science}
}

@article{jacobi,
  title={Preconditioning techniques in computational fluid dynamics},
  author={Turkel, Eli},
  journal={Annual Review of Fluid Mechanics},
  volume={31},
  number={1},
  pages={385--416},
  year={1999},
  publisher={Annual Reviews 4139 El Camino Way, PO Box 10139, Palo Alto, CA 94303-0139, USA}
}

@article{gmres,
  title={GMRES: A generalized minimal residual algorithm for solving nonsymmetric linear systems},
  author={Saad, Youcef and Schultz, Martin H},
  journal={SIAM Journal on scientific and statistical computing},
  volume={7},
  number={3},
  pages={856--869},
  year={1986},
  publisher={SIAM}
}

@inproceedings{ADT,
  title={The alternating decision tree learning algorithm},
  author={Freund, Yoav and Mason, Llew},
  booktitle={icml},
  volume={99},
  pages={124--133},
  year={1999}
}

@inproceedings{ladt,
  title={Comparing association rules and decision trees for disease prediction},
  author={Ordonez, Carlos},
  booktitle={Proceedings of the international workshop on Healthcare information and knowledge management},
  pages={17--24},
  year={2006},
  organization={ACM}
}

@article{bicg,
  title={An overview of approaches for the stable computation of hybrid BiCG methods},
  author={Sleijpen, Gerard LG and Van der Vorst, Henk A},
  journal={Applied numerical mathematics},
  volume={19},
  number={3},
  pages={235--254},
  year={1995},
  publisher={Elsevier}
}

@techreport{lapack,
  title={LAPACK Users’ Guide. Society for Industrial and Applied Mathematics, Philadelphia, PA},
  author={Anderson, Ed and Bai, Zhaojun and Bischof, Christian and Blackford, Susan and Demmel, James and Dongarra, Jack and DuCroz, Jeremy and Greenbaum, Anne and Hammarling, Sven and McKenney, A and others},
  year={1999},
  institution={ISBN 0-89871-447-8 (paperback)}
}

@article{splib,
  title={SPLIB: A library of iterative methods for sparse linear systems},
  author={Bramley, Randall and Wang, Xiaoge},
  journal={URL address: http://www. elk. itu. edu. tr/dag/lssmc. html},
  year={1995},
  publisher={Citeseer}
}

@article{nexus,
  title={The Nexus approach to integrating multithreading and communication},
  author={Foster, Ian and Kesselman, Carl and Tuecke, Steven},
  journal={Journal of Parallel and Distributed Computing},
  volume={37},
  number={1},
  pages={70--82},
  year={1996},
  publisher={Elsevier}
}

@incollection{icc,
  title={Approximate and incomplete factorizations},
  author={Chan, Tony F and Van Der Vorst, Henk A},
  booktitle={Parallel numerical algorithms},
  pages={167--202},
  year={1997},
  publisher={Springer}
}


@inproceedings{composite1,
  title={Robust algorithms and software for parallel PDE-based simulations},
  author={Bhowmick, S and McInnes, L and Norris, B and Raghavan, P},
  booktitle={Proceedings of the Advanced Simulation Technologies Conference, ASTC},
  volume={4},
  pages={18--22},
  year={2004}
}

@incollection{composite2,
  title={The role of multi-method linear solvers in PDE-based simulations},
  author={Bhowmick, Sanjukta and McInnes, L and Norris, Boyana and Raghavan, Padma},
  booktitle={Computational Science and Its Applications—ICCSA 2003},
  pages={828--839},
  year={2003},
  publisher={Springer}
}

@article{composite3,
  title={Faster PDE-based simulations using robust composite linear solvers},
  author={Bhowmick, Sanjukta and Raghavan, Padma and McInnes, L and Norris, Boyana},
  journal={Future Generation Computer Systems},
  volume={20},
  number={3},
  pages={373--387},
  year={2004},
  publisher={Elsevier}
}

@incollection{composite4,
  title={A combinatorial scheme for developing efficient composite solvers},
  author={Bhowmick, Sanjukta and Raghavan, Padma and Teranishi, Keita},
  booktitle={Computational Science—ICCS 2002},
  pages={325--334},
  year={2002},
  publisher={Springer}
}

@book{saad,
  title={Iterative methods for sparse linear systems},
  author={Saad, Yousef},
  volume={82},
  year={2003},
  publisher={siam}
}

@article{ilu,
  title={An approximate factorization procedure for solving self-adjoint elliptic difference equations},
  author={Dupont, Todd and Kendall, Richard P and Rachford, Jr, HH},
  journal={SIAM Journal on Numerical Analysis},
  volume={5},
  number={3},
  pages={559--573},
  year={1968},
  publisher={SIAM}
}


@article{ML,
  title={Application of machine learning to the selection of sparse linear solvers},
  author={Bhowmick, Sanjukta and Eijkhout, Victor and Freund, Yoav and Fuentes, Erika and Keyes, David},
  journal={Int. J. High Perf. Comput. Appl},
  year={2006}
}

@article{iterative1,
  title={Iterative algorithms for large sparse linear systems on parallel computers},
  author={Adams, Loyce M},
  year={1982}
}

@book{iterative2,
  title={Iterative solution methods},
  author={Axelsson, Owe},
  year={1996},
  publisher={Cambridge university press}
}

@inproceedings{iterative3,
  title={A survey of iterative methods for sparse linear systems},
  author={Varah, J},
  booktitle={Proceedings of the fifteenth Manitoba conference on numerical mathematics and computing (Winnipeg, Man., 1985)},
  pages={83--92},
  year={1986}
}

@article{iterative4,
  title={A survey of preconditioned iterative methods for linear systems of algebraic equations},
  author={Axelsson, Owe},
  journal={BIT Numerical Mathematics},
  volume={25},
  number={1},
  pages={165--187},
  year={1985},
  publisher={Springer}
}

@article{iterative5,
  title={Iterative solution of linear systems},
  author={Freund, Roland W and Golub, Gene H and Nachtigal, No{\"e}l M},
  journal={Acta numerica},
  volume={1},
  pages={57--100},
  year={1992},
  publisher={Cambridge Univ Press}
}

@article{single1,
  title={An algebraic multilevel iteration method for finite element matrices},
  author={Axelsson, O and Larin, M},
  journal={Journal of computational and applied mathematics},
  volume={89},
  number={1},
  pages={135--153},
  year={1998},
  publisher={Elsevier}
}

@article{grigori2015sparse,
  title={Sparse linear solvers},
  author={Grigori, Laura},
  year={2015}
}

@article{misc2,
  title={Mixing LU and QR factorization algorithms to design high-performance dense linear algebra solvers},
  author={Faverge, Mathieu and Herrmann, Julien and Langou, Julien and Lowery, Bradley and Robert, Yves and Dongarra, Jack},
  journal={Journal of Parallel and Distributed Computing},
  volume={85},
  pages={32--46},
  year={2015},
  publisher={Elsevier}
}


@article{knn,
  title={k-Nearest neighbour classifiers},
  author={Cunningham, Padraig and Delany, Sarah Jane},
  journal={Multiple Classifier Systems},
  pages={1--17},
  year={2007}
}


@inproceedings{DecisionStump,
  title={Induction of one-level decision trees},
  author={Iba, Wayne and Langley, Pat},
  booktitle={Proceedings of the ninth international conference on machine learning},
  pages={233--240},
  year={1992}
}

@book{gasm,
  title={An additive variant of the Schwarz alternating method for the case of many subregions},
  author={Dryja, Maksymilian and Widlund, Olof},
  year={1987},
  publisher={Ultracomputer Research Laboratory, Univ., Courant Inst. of Mathematical~…}
}

@inproceedings{svd,
  title={A preconditioning technique based on Singular Value Decomposition and its comparision with the Characteristic Basis Function Method},
  author={Li, Chao and Mittra, Raj},
  booktitle={2016 USNC-URSI Radio Science Meeting},
  pages={55--56},
  year={2016},
  organization={IEEE}
}


@article{SVM,
  title={Support-vector networks},
  author={Cortes, Corinna and Vapnik, Vladimir},
  journal={Machine Learning},
  volume={20},
  number={3},
  pages={273--297},
  year={1995},
  publisher={Springer}
}

@inproceedings{LADtree,
    author = {Geoffrey Holmes and Bernhard Pfahringer and Richard Kirkby and Eibe Frank and Mark Hall},
    booktitle = {ECML},
    pages = {161-172},
    publisher = {Springer},
    title = {Multiclass alternating decision trees},
    year = {2001}
 }

@article{performance,
  title={Performance models for the Spike banded linear system solver},
  author={Manguoglu, Murat and Saied, Faisal and Sameh, Ahmed and Grama, Ananth},
  journal={Scientific Programming},
  volume={19},
  number={1},
  pages={13--25},
  year={2011},
  publisher={IOS Press}
}

@inproceedings{combinedsampling,
  title={Combined regression and ranking},
  author={Sculley, David},
  booktitle={Proceedings of the 16th ACM SIGKDD international conference on Knowledge discovery and data mining},
  pages={979--988},
  year={2010},
  organization={ACM}
}

@article{feti1,
  title={A method of finite element tearing and interconnecting and its parallel solution algorithm},
  author={Farhat, Charbel and Roux, Francois-Xavier},
  journal={International Journal for Numerical Methods in Engineering},
  volume={32},
  number={6},
  pages={1205--1227},
  year={1991},
  publisher={Wiley Online Library}
}

@inproceedings{feti2,
  title={Massively Parallel Hybrid Total FETI (HTFETI) Solver},
  author={{\v{R}}{\'\i}ha, Lubom{\'\i}r and Brzobohat{\`y}, Tom{\'a}{\v{s}} and Markopoulos, Alexandros and Meca, Ond{\v{r}}ej and Kozubek, Tom{\'a}{\v{s}}},
  booktitle={Proceedings of the Platform for Advanced Scientific Computing Conference},
  pages={7},
  year={2016},
  organization={ACM}
}

\bibitem{petsc}
Balay, Satish, et al. Petsc users manual revision 3.7. No. ANL--95/11 Rev. 3.7. Argonne National Lab.(ANL), Argonne, IL (United States), 2017.

\bibitem{UF}
Davis, Timothy A., and Yifan Hu. "The University of Florida sparse matrix collection." ACM Transactions on Mathematical Software (TOMS) 38.1 (2011): 1

\bibitem{anamod}
Eijkhout, Victor, and Erika Fuentes. "A proposed standard for numerical metadata. submitted to ACM Trans." Math. Software (2006).

\bibitem{bn}
Bouckaert, Remco R. "Bayesian network classifiers in weka." (2004).

\bibitem{knn}
Steinbach, Michael, and Pang-Ning Tan. "kNN: k-nearest neighbors." The top ten algorithms in data mining (2009): 151-162.

% \bibitem{ADT}
% Freund, Yoav, and Llew Mason. "The alternating decision tree learning algorithm." icml. Vol. 99. 1999.

\bibitem{ladt}
Holmes, Geoffrey, et al. "Multiclass alternating decision trees." European Conference on Machine Learning. Springer, Berlin, Heidelberg, 2002.

\bibitem{svm}
Cortes, Corinna, and Vladimir Vapnik. "Support-vector networks." Machine learning 20.3 (1995): 273-297

\bibitem{cg}
Nazareth, J. L. "Conjugate gradient method." Wiley Interdisciplinary Reviews: Computational Statistics 1.3 (2009): 348-353.

\bibitem{gmres}
Saad, Youcef, and Martin H. Schultz. "GMRES: A generalized minimal residual algorithm for solving nonsymmetric linear systems." SIAM Journal on scientific and statistical computing 7.3 (1986): 856-869.
\bibitem{fgmres}
Y. Saad. A flexible inner-outer preconditioned gmres algorithm. SIAM Journal on Scientific
Computing, 14(2):461–469, 1993.

\bibitem{BiCG}
E. W. Weisstein. Biconjugate gradient method. 2003.

\bibitem{iBCGS}
The Improved BiCGStab Method for Large and Sparse Unsymmetric Linear Systems on Parallel Distributed Memory Architectures. L. T. Yang and R. Brent, Proceedings of the Fifth International Conference on Algorithms and Architectures for Parallel Processing, 2002, IEEE.

\bibitem{bcgs}
Sleijpen, Gerard LG, Henk A. Van der Vorst, and Diederik R. Fokkema. "BiCGstab (l) and other hybrid Bi-CG methods." Numerical Algorithms 7.1 (1994): 75-109.

% \bibitem{asm}
% Widlund, Olof, and M. Dryja. "An additive variant of the Schwarz alternating method for the case of many subregions." (1987).

\bibitem{jacobi}
Lee, F‐H., et al. "Performance of Jacobi preconditioning in Krylov subspace solution of finite element equations." International journal for numerical and analytical methods in geomechanics 26.4 (2002): 341-372.

\bibitem{bjacobi}
Concus, P., G. H. Golub, and G. Meurant. "Block preconditioning for the conjugate gradient method." SIAM Journal on Scientific and Statistical Computing 6.1 (1985): 220-252

\bibitem{spack}
Gamblin, Todd, et al. "The Spack package manager: Bringing order to HPC software chaos." High Performance Computing, Networking, Storage and Analysis, 2015 SC-International Conference for. IEEE, 2015.

@article{sisc,
  title={Performance-based numerical solver selection in the Lighthouse framework},
  author={Jessup, Elizabeth and Motter, Pate and Norris, Boyana and Sood, Kanika},
  journal={SIAM Journal on Scientific Computing},
  volume={38},
  number={5},
  pages={S750--S771},
  year={2016},
  publisher={SIAM}
}

@article{fcg,
  title={Flexible conjugate gradients},
  author={Notay, Yvan},
  journal={SIAM Journal on Scientific Computing},
  volume={22},
  number={4},
  pages={1444--1460},
  year={2000},
  publisher={SIAM}
}

@article{lcd,
  title={Semi-conjugate direction methods for real positive definite systems},
  author={Yuan, JY and Golub, Gene H and Plemmons, Robert J and Cecilio, WAG},
  journal={BIT Numerical Mathematics},
  volume={44},
  number={1},
  pages={189--207},
  year={2004},
  publisher={Springer}
}


@article{dgmres,
  title={Restarted GMRES preconditioned by deflation},
  author={Erhel, Jocelyne and Burrage, Kevin and Pohl, Bert},
  journal={Journal of computational and applied mathematics},
  volume={69},
  number={2},
  pages={303--318},
  year={1996},
  publisher={Elsevier}
}

%-----------------------------------------------------------------
@article{batarfi2015large,
  title={Large scale graph processing systems: survey and an experimental evaluation},
  author={Batarfi, Omar and El Shawi, Radwa and Fayoumi, Ayman G and Nouri, Reza and Barnawi, Ahmed and Sakr, Sherif and others},
  journal={Cluster Computing},
  volume={18},
  number={3},
  pages={1189--1213},
  year={2015},
  publisher={Springer}
}

@article{benzi2002preconditioning,
  title={Preconditioning techniques for large linear systems: a survey},
  author={Benzi, Michele},
  journal={Journal of computational Physics},
  volume={182},
  number={2},
  pages={418--477},
  year={2002},
  publisher={Elsevier}
}

@book{bruaset2018survey,
  title={A survey of preconditioned iterative methods},
  author={Bruaset, Are Magnus},
  year={2018},
  publisher={Routledge}
}

@incollection{chow2006survey,
  title={A survey of parallelization techniques for multigrid solvers},
  author={Chow, Edmond and Falgout, Robert D and Hu, Jonathan J and Tuminaro, Raymond S and Yang, Ulrike Meier},
  booktitle={Parallel processing for scientific computing},
  pages={179--201},
  year={2006},
  publisher={SIAM}
}

@article{butrylo2004survey,
  title={A survey of parallel solvers for the finite element method in computational electromagnetics},
  author={Butrylo, Boguslaw and Musy, Fran{\c{c}}ois and Nicolas, Laurent and Perrussel, Ronan and Scorretti, Riccardo and Vollaire, Christian},
  journal={COMPEL-The international journal for computation and mathematics in electrical and electronic engineering},
  volume={23},
  number={2},
  pages={531--546},
  year={2004},
  publisher={Emerald Group Publishing Limited}
}
@inproceedings{malitsky2012parallel,
  title={Parallel SAT solver selection and scheduling},
  author={Malitsky, Yuri and Sabharwal, Ashish and Samulowitz, Horst and Sellmann, Meinolf},
  booktitle={International Conference on Principles and Practice of Constraint Programming},
  pages={512--526},
  year={2012},
  organization={Springer}
}

@inproceedings{kadioglu2011algorithm,
  title={Algorithm selection and scheduling},
  author={Kadioglu, Serdar and Malitsky, Yuri and Sabharwal, Ashish and Samulowitz, Horst and Sellmann, Meinolf},
  booktitle={International Conference on Principles and Practice of Constraint Programming},
  pages={454--469},
  year={2011},
  organization={Springer}
}
@inproceedings{bhowmick2009towards,
  title={Towards low-cost, high-accuracy classifiers for linear solver selection},
  author={Bhowmick, Sanjukta and Toth, Brice and Raghavan, Padma},
  booktitle={International Conference on Computational Science},
  pages={463--472},
  year={2009},
  organization={Springer}
}
@article{xu2008satzilla,
  title={SATzilla: portfolio-based algorithm selection for SAT},
  author={Xu, Lin and Hutter, Frank and Hoos, Holger H and Leyton-Brown, Kevin},
  journal={Journal of artificial intelligence research},
  volume={32},
  pages={565--606},
  year={2008}
}

@article{johnson1977efficient,
  title={Efficient algorithms for shortest paths in sparse networks},
  author={Johnson, Donald B},
  journal={Journal of the ACM (JACM)},
  volume={24},
  number={1},
  pages={1--13},
  year={1977},
  publisher={ACM}
}

%--------------------------------------------------------

\bibitem{moose}
Gaston, Derek, et al. "MOOSE: A parallel computational framework for coupled systems of nonlinear equations." (2009).

\bibitem{yt}
Turk, Matthew J., et al. "yt: A multi-code analysis toolkit for astrophysical simulation data." The Astrophysical Journal Supplement Series 192.1 (2010): 9.

\bibitem{acme}
Bader, D., et al. "Accelerated climate modeling for energy (ACME) project strategy and initial implementation plan." (2014).


% \end{thebibliography}
